<?xml version="1.0" encoding="UTF-8"?><collection xmlns="http://www.loc.gov/MARC21/slim"><record><leader>00531nam--2200181-i-4500</leader><controlfield tag="001">000026568</controlfield><controlfield tag="002">20161230</controlfield><controlfield tag="005">20161230201036</controlfield><controlfield tag="008">060222s1000------------r-----000-0-eng-d</controlfield><datafield ind1=" " ind2=" " tag="040"><subfield code="a">IFIN-HH</subfield></datafield><datafield ind1=" " ind2=" " tag="080"><subfield code="a">533.7:541.11</subfield></datafield><datafield ind1="1" ind2=" " tag="100"><subfield code="a">Kauzmann, Walter</subfield></datafield><datafield ind1=" " ind2=" " tag="245"><subfield code="a">Thermal properties of matter</subfield><subfield code="b">Volume 1: kinetic theory of gases</subfield><subfield code="c">Walter kauzmann</subfield></datafield><datafield ind1=" " ind2=" " tag="260"><subfield code="a">New York, W.A.Benjamin, Inc., 1966,</subfield></datafield><datafield ind1=" " ind2=" " tag="300"><subfield code="a">XIII + 248P</subfield></datafield><datafield ind1=" " ind2=" " tag="490"><subfield code="a">Physical Chemistry Monograph Series</subfield></datafield><datafield ind1=" " ind2=" " tag="852"><subfield code="a">29839</subfield><subfield code="c">533.7</subfield></datafield><datafield ind1=" " ind2=" " tag="CAT"><subfield code="a">Sys</subfield><subfield code="c">20100915</subfield><subfield code="h">123912</subfield></datafield></record></collection>